@Misc{Des11,
    author = "Narayan Desai",
    title = "Bcfg2",
    howpublished = "\url{http://trac.mcs.anl.gov/projects/bcfg2}"}

@Misc{JLS11,
    author = "Sol Jerome and Tim Laszlo and St. Pierre, Chris",
    title = "Packages",
    howpublished = "\url{http://docs.bcfg2.org/server/plugins/generators/packages.html}"}

@Misc{Dob11,
    author = "Jay Dobies",
    title = {{Pulp - Juicy software repository management}},
    howpublished = "\url{http://pulproject.org}"}

@Misc{Dob11-2,
    author = "Jay Dobies",
    title = {{GCRepoApis}},
    howpublished = "\url{https://fedorahosted.org/pulp/wiki/GCRepoApis}"}

@Misc{Dob11-3,
    author = "Jay Dobies",
    title = {{Generic Content Support}},
    howpublished = "\url{http://blog.pulpproject.org/2011/08/08/generic-content-support/}"}

@InProceedings{BACWWS02,
    author = "Steve Beattie and Seth Arnold and Crispin Cowan and Perry Wagle and Chris Wright and Adam Shostack",
    title = {{Timing the Application of Security Patches for Optimal Uptime}},
    series = "Proceedings of LISA '02: Sixteenth Systems Administration Conference",
    year = "2002",
    pages = "233-42",
    organization = "USENIX",
    howpublished = "\url{www.homeport.org/~adam/time-to-patch-usenix-lisa02.pdf}"}

@InProceedings{PN05,
    author = "Shaya Potter and Jason Nieh",
    title = {{Reducing Downtime Due to System Maintenance and Upgrades}},
    series = "Proceedings of LISA '05: Nineteenth Systems Administration Conference",
    year = "2005",
    pages = "47-62",
    organization = "USENIX"}

@Misc{Vid11,
    author = "Seth Vidal",
    title = "yum",
    howpublished = "\url{http://yum.baseurl.org/}"}

@Misc{Vid02,
    author = "Seth Vidal",
    title = "yum.conf - Configuration file for yum(8).",
    howpublished = "\texttt{man 5 yum.conf}"}

@Misc{RH10,
    author = {{Red Hat, Inc.}},
    title = {{Spacewalk: Free \& Open Source Linux Systems Management}},
    howpublished = "\url{http://spacewalk.redhat.com/}"}

@Misc{Ora10,
    author = {{Oracle Corporation}},
    title = {{Lustre}},
    howpublished = "\url{http://wiki.lustre.org/index.php/Main_Page}"}

@Misc{Ten11,
    author = {{Tenable Network Security}},
    title = {{Tenable Nessus}},
    howpublished = "\url{http://www.tenable.com/products/nessus}"}

@Misc{Dja11,
    author = {{Django Software Foundation}},
    title = {{Django | The Web framework for perfectionists with deadlines}},
    howpublished = "\url{https://www.djangoproject.com/}"}

@InProceedings{WS11,
    author = "Todd Warner and Todd Sanders",
    title = {{The Future of RHN Satellite: A New Architecture Enabling the Traditional Data Center and the Cloud}},
    series = "Red Hat Summit",
    year = "2011",
    month = "May",
    organization = "Red Hat, Inc.",
    howpublished = "\url{http://www.redhat.com/summit/2011/presentations/summit/whats_next/thursday/summit-2011.warner_sanders_t_1400_future_of_satellite-v7.pdf}"}

@Misc{Ana11,
    title = {{Anaconda/Kickstart}},
    howpublished = "\url{http://fedoraproject.org/wiki/Anaconda/Kickstart#Chapter_3._Package_Selection}"}
